<?xml version="1.0" encoding="UTF-8"?><collection xmlns="http://www.loc.gov/MARC21/slim"><record><leader>00582nam--2200181-i-4500</leader><controlfield tag="001">000016490</controlfield><controlfield tag="002">20161230</controlfield><controlfield tag="005">20161230201031</controlfield><controlfield tag="008">060222s1000------------r-----000-0-eng-d</controlfield><datafield ind1=" " ind2=" " tag="040"><subfield code="a">IFIN-HH</subfield></datafield><datafield ind1=" " ind2=" " tag="080"><subfield code="a">536.7:538.955</subfield></datafield><datafield ind1="1" ind2=" " tag="100"><subfield code="a">Balian, Roger</subfield></datafield><datafield ind1="1" ind2="0" tag="245"><subfield code="a">From microphysics to macrophysics. methods and applications of statistical physics. volume i. translated by d.ter haar and j.f.gregg</subfield><subfield code="c">Roger balian</subfield></datafield><datafield ind1=" " ind2=" " tag="260"><subfield code="a">Berlin</subfield><subfield code="b">Springer-verlag</subfield><subfield code="c">1991</subfield></datafield><datafield ind1=" " ind2=" " tag="300"><subfield code="a">XIX+465P</subfield></datafield><datafield ind1=" " ind2=" " tag="490"><subfield code="a">Texts And Monographs In Physics</subfield></datafield><datafield ind1=" " ind2=" " tag="852"><subfield code="a">80374</subfield><subfield code="c">536.7</subfield></datafield><datafield ind1=" " ind2=" " tag="CAT"><subfield code="a">Sys</subfield><subfield code="c">20160115</subfield><subfield code="h">105351</subfield></datafield></record></collection>